@online{arg_threads,
    title = "Thread Arguments and Return Values",
    url  = "https://w3.cs.jmu.edu/kirkpams/OpenCSF/Books/csf/html/ThreadArgs.html",
}
